%%
%% This is file `example/pubs.bib',
%% generated with the docstrip utility.
%%
%% The original source files were:
%%
%% install/buptgraduatethesis.dtx  (with options: `pubs-bib')
%% 
%% This file is a part of the example of BUPTGraduateThesis.
%% 

%% 这是为评审版本自动产生作者位次专用的 BibTeX 条目
%% 不要更改条目名称 BSTpeerreview
@BUPTGraduateThesisBSTCTL{BSTpeerreview,
  CTLname_author_eng = "{\textbf{Zhang~San}}",
  CTLname_author_chs = "{\textbf{张三}}",
  CTLswitch_chs_punc = "no",
  CTLswitch_peerreview = "yes"
}

%% 如果学位论文作者在发表论文列表中的作者排名有超过 3 的, 其姓名将不会出现在论文列表中
%% 设置下面的数值可以改变发表论文列表中作者姓名显示的最大数目
%% BUPTGraduateThesisBSTCTL{BSTcontrol,
%%  CTLmaxnum_authors = "3"
%% }

@ARTICLE{ScienceOnline,
  author = "{\textbf{张聪}} and 兰岳恒",
  title = "Koopman算符在埃农映射中的动力学[EB/OL]",
  booktitle = "北京:中国科技论文在线",
  year = "[2020-08-31]",
  volume = "http://www.paper.edu.cn/releasepaper/content/202008-56",
%%  number = "4",
%%  pages = "567--890",
%%  note = "（SCI 收录，检索号：786FZ）"
}

@ARTICLE{arXiv,
  author = "{\textbf{Cong Zhang}} and Yueheng Lan",
  title = "Koopman Operator and Phase Space Partition of Chaotic Maps",
  booktitle = "arXiv:2007.11236 [nlin.CD]",
  year = "2020",
  volume = "https://arxiv.org/abs/2007.11236",
%%  number = "4",
%%  pages = "567--890",
%%  note = "arxiv.org/abs/2007.11236"
}

@INPROCEEDINGS{CSSC2019,
  author = "{\textbf{张聪}}",
  title = "Koopman Operator Spectrum and Dynamic Model of Chaotic System",
  booktitle = "第三届中国系统科学大会(CSSC2019)",
  year = "2019",
  pages = "65--65(摘要)",
  address = "中国, 湖南",
%%note = "会议摘要"
}