%%
%% This is file `example/bare_thesis.bib',
%% generated with the docstrip utility.
%%
%% The original source files were:
%%
%% install/buptgraduatethesis.dtx  (with options: `bare-thesis-bib')
%% 
%% This file is a part of the example of BUPTGraduateThesis.
%% 

@BUPTGraduateThesisBSTCTL{BSTcontrol,
  CTLmaxnum_authors = "3",
  CTLswitch_chs_punc = "no"
}

@BOOK{CITATION_BOOK,
  author = "Lippman, Stanley B. and Lajoie, Jos{\'e}e",
  booktitle = "C++ Primer中文版",
  translator = "王刚 and 杨巨烽",
  edition = "5",
  address = "中国",
  publisher = "电子工业出版社",
  year = "2013",
  pages = "1-838",
  language = "chs",
  note = ""
}

@ARTICLE{CITATION_ARTICLE,
  author = "Erik Dahlman and Bj{\"o}rn Gudmundson and Mats Nilsson and Johan Sk{\"o}ld",
  title = "UMTS/IMT-2000 Based on Wideband CDMA",
  booktitle = "IEEE Communications Magazine",
  year = "1998",
  volume = "36",
  number = "9",
  pages = "70-80",
  multiseriesmsg = "year, volume, number and pages information for paper published in multi-series journals",
  note = ""
}

@PROCEEDINGS{CITATION_PROCEEDINGS,
  editor = "",
  booktitle = "Proceedings of IEEE Global Communications Conference (GLOBECOM'2008)",
  address = "New Orlean, USA",
  publisher = "IEEE",
  year = "2008",
  pages = "",
  note = ""
}

@INPROCEEDINGS{CITATION_INPROCEEDINGS,
  author = "Jindal, Nihar and Andrews, Jeffrey G. and Weber, Steven",
  title = "Rethinking MIMO for Wireless Networks: Linear Throughput Increases with Multiple Receive Antennas",
  booktitle = "Proceedings of IEEE International Conference on Communications (ICC'2009)",
  address = "Dresden, Germany",
  publisher = "IEEE",
  year = "2009",
  pages = "1-6",
  note = ""
}

@DISSERTATION{CITATION_DISSERTATION,
  author = "Mitola, Joseph",
  title = "Cognitive Radio: An Integrated Agent Architecture for Software Defined Radio",
  address = "Stockholm, Sweden",
  publisher = "Royal Institute of Technology",
  year = "2000",
  pages = "",
  note = ""
}

@TECHREPORT{CITATION_TECHREPORT,
  author = "Prasad, N. and Khojastepour, M. A. and Jiang, M. and Wang, X. and Rangarajan, S.",
  title = "MU-MIMO: Demodulation at the Mobile Station",
  address = "",
  publisher = "IEEE 802.16 Broadband Wireless Access Working Group",
  year = "2009",
  pages = "1-11",
  note = ""
}

@PATENT{CITATION_PATENT,
  author = "Paulraj, Arogyaswami J. and Heath, Jr, Robert W. and Sebastian, Peroor K. and Gesbert, David J.",
  title = "Spatial Multiplexing in a Cellular Network",
  address = "USA",
  series = "6067290",
  date = "2000-5-23",
  note = ""
}

@STANDARD{CITATION_STANDARD,
  author = "",
  series = "TS 36.211 V10.5.0",
  title = "Physical Channels and Modulation",
  address = "Valbonne, France",
  publisher = "3GPP",
  year = "2012-6",
  note = ""
}

@NEWSPAPER{CITATION_NEWSPAPER,
  author = "吴刚",
  title = "立陶宛进入欧元时代",
  booktitle = "人民日报",
  date = "2015-1-2",
  language = "chs",
  note = ""
}

@ELECTRONIC{CITATION_ELECTRONIC,
  author = "{百度百科}",
  title = "香农公式",
  etype = "EB",
  ehowpublished = "OL",
  source = "http://baike.baidu.com/view/747964.htm",
  date = "2013-10-28",
  language = "chs",
  note = ""
}

@ELECTRONIC{CHANGBANPO,
  author = "赵云 and 曹操 and 刘备 and 甘夫人 and 糜夫人",
  title = "长坂坡",
  etype = "EB",
  ehowpublished = "OL",
  source = "http://baike.baidu.com/subview/428389/5476054.htm",
  language = "chs"
}

@BOOK{SANGUOYANYI,
  author = "罗贯中",
  title = "三国演义",
  edition = "1",
  address = "山西太原",
  year = "元末明初",
  language = "chs"
}

@ELECTRONIC{BUPT_Thesis_Format_2014,
  title = "关于研究生学位论文格式的统一要求",
  author = "北京邮电大学研究生院培养与学位办公室",
  etype = "EB",
  ehowpublished = "OL",
  date = "2014-11",
  source = "http://www.bupt.edu.cn/",
  language = "chs"
}

@ELECTRONIC{BUPT_Thesis_Format_2004,
  title = "关于研究生学位论文格式的统一要求",
  author = "北京邮电大学研究生院培养与学位办公室",
  year = "2004",
  etype = "EB",
  ehowpublished = "OL",
  date = "2004",
  source = "http://www.bupt.edu.cn/",
  language = "chs"
}

@ELECTRONIC{latex-bupt,
  author = "王旭",
  title = "latex-bupt: \LaTeX style for {BUPT} thesis",
  year = "2007",
  etype = "EB",
  ehowpublished = "OL",
  date = "2009-01-14",
  source = "http://code.google.com/p/latex-bupt/",
  language = "chs"
}

@ELECTRONIC{buptthesis,
  author = "张煜",
  title = "北京邮电大学研究生学位论文 \LaTeX{} 文档类",
  year = "2009",
  dhowpublished = "online",
  refdate = "2013-07-06",
  source = "http://code.google.com/p/buptthesis/",
  language = "chs"
}

%% This BibTeX bibliography file was created using BibDesk.
%% https://bibdesk.sourceforge.io/

%% Created for Zhangcong at 2020-03-11 03:53:10 +0800 


%% Saved with string encoding Unicode (UTF-8) 

DISSERTATION:phdthesis
ARTICLE:article
author:Author
title:Title

@DISSERTATION{JJY2015Koopman,
	Author = {贾继莹},
	Date-Modified = {2020-03-10 19:46:16 +0000},
	Keywords = {1},
	School = {清华大学},
	Title = {Koopman算符在一些动力系统中的算法和应用研究},
	Year = {2015},
	Bdsk-File-1 = {YnBsaXN0MDDUAQIDBAUGJCVYJHZlcnNpb25YJG9iamVjdHNZJGFyY2hpdmVyVCR0b3ASAAGGoKgHCBMUFRYaIVUkbnVsbNMJCgsMDxJXTlMua2V5c1pOUy5vYmplY3RzViRjbGFzc6INDoACgAOiEBGABIAFgAdccmVsYXRpdmVQYXRoWWFsaWFzRGF0YW8QDwByAGUAZgAvjT5+54O5eFVY64u6ZYcALgBwAGQAZtIXCxgZV05TLmRhdGFPEQGiAAAAAAGiAAIAAAxNYWNpbnRvc2ggSEQAAAAAAAAAAAAAAAAAAAAAAAAAQkQAAf////8SvNa8zNOoy7bKv8LbzsQucGRmAAAAAAAAAAAAAAAAAAAAAAAAAAAAAAAAAAAAAAAAAAAAAAAAAAAAAAAAAAAA/////wAAAAAAAAAAAAAAAAABAAMAAAogY3UAAAAAAAAAAAAAAAAAA3JlZgAAAgBZLzpVc2VyczptbWM6V29ya1NwYWNlOmJ1cHQ6S29vcG1hbjpzdW1tYXJ5OjIwMTktMjAyMF9TcHJpbmc6cmVmOui0vue7p+iOueehleWjq+iuuuaWhy5wZGYAAA4AGAALjT5+54O5eFVY64u6ZYcALgBwAGQAZgAPABoADABNAGEAYwBpAG4AdABvAHMAaAAgAEgARAASAFdVc2Vycy9tbWMvV29ya1NwYWNlL2J1cHQvS29vcG1hbi9zdW1tYXJ5LzIwMTktMjAyMF9TcHJpbmcvcmVmL+i0vue7p+iOueehleWjq+iuuuaWhy5wZGYAABMAAS8AABUAAgAK//8AAIAG0hscHR5aJGNsYXNzbmFtZVgkY2xhc3Nlc11OU011dGFibGVEYXRhox0fIFZOU0RhdGFYTlNPYmplY3TSGxwiI1xOU0RpY3Rpb25hcnmiIiBfEA9OU0tleWVkQXJjaGl2ZXLRJidUcm9vdIABAAgAEQAaACMALQAyADcAQABGAE0AVQBgAGcAagBsAG4AcQBzAHUAdwCEAI4ArwC0ALwCYgJkAmkCdAJ9AosCjwKWAp8CpAKxArQCxgLJAs4AAAAAAAACAQAAAAAAAAAoAAAAAAAAAAAAAAAAAAAC0A==}
}

@ARTICLE{BruntonKoopman,
	Author = {Brunton, Steven L. and Brunton Bingni W. and Proctor Joshua L. and Kutz J. Nathan and Kestler Hans A},
	Date-Modified = {2020-03-10 19:49:20 +0000},
	Journal = {Plos One},
	Keywords = {2},
	Number = {2},
	Pages = {e0150171-},
	Title = {Koopman Invariant Subspaces and Finite Linear Representations of Nonlinear Dynamical Systems for Control},
	Volume = {11},
	Bdsk-File-1 = {YnBsaXN0MDDUAQIDBAUGJCVYJHZlcnNpb25YJG9iamVjdHNZJGFyY2hpdmVyVCR0b3ASAAGGoKgHCBMUFRYaIVUkbnVsbNMJCgsMDxJXTlMua2V5c1pOUy5vYmplY3RzViRjbGFzc6INDoACgAOiEBGABIAFgAdccmVsYXRpdmVQYXRoWWFsaWFzRGF0YV8QFHJlZi8xNTEwLjAzMDA3djEucGRm0hcLGBlXTlMuZGF0YU8RAZgAAAAAAZgAAgAADE1hY2ludG9zaCBIRAAAAAAAAAAAAAAAAAAAAAAAAABCRAAB/////xAxNTEwLjAzMDA3djEucGRmAAAAAAAAAAAAAAAAAAAAAAAAAAAAAAAAAAAAAAAAAAAAAAAAAAAAAAAAAAAAAAD/////AAAAAAAAAAAAAAAAAAEAAwAACiBjdQAAAAAAAAAAAAAAAAADcmVmAAACAFAvOlVzZXJzOm1tYzpXb3JrU3BhY2U6YnVwdDpLb29wbWFuOnN1bW1hcnk6MjAxOS0yMDIwX1NwcmluZzpyZWY6MTUxMC4wMzAwN3YxLnBkZgAOACIAEAAxADUAMQAwAC4AMAAzADAAMAA3AHYAMQAuAHAAZABmAA8AGgAMAE0AYQBjAGkAbgB0AG8AcwBoACAASABEABIATlVzZXJzL21tYy9Xb3JrU3BhY2UvYnVwdC9Lb29wbWFuL3N1bW1hcnkvMjAxOS0yMDIwX1NwcmluZy9yZWYvMTUxMC4wMzAwN3YxLnBkZgATAAEvAAAVAAIACv//AACABtIbHB0eWiRjbGFzc25hbWVYJGNsYXNzZXNdTlNNdXRhYmxlRGF0YaMdHyBWTlNEYXRhWE5TT2JqZWN00hscIiNcTlNEaWN0aW9uYXJ5oiIgXxAPTlNLZXllZEFyY2hpdmVy0SYnVHJvb3SAAQAIABEAGgAjAC0AMgA3AEAARgBNAFUAYABnAGoAbABuAHEAcwB1AHcAhACOAKUAqgCyAk4CUAJVAmACaQJ3AnsCggKLApACnQKgArICtQK6AAAAAAAAAgEAAAAAAAAAKAAAAAAAAAAAAAAAAAAAArw=}
}

@ARTICLE{KordaData,
	Author = {Korda, Milan and Putinar, Mihai and Mezi{\'c}, Igor},
	Date-Modified = {2020-03-10 19:45:10 +0000},
	Keywords = {1},
	Title = {Data-driven spectral analysis of the Koopman operator},
	Bdsk-File-1 = {YnBsaXN0MDDUAQIDBAUGJCVYJHZlcnNpb25YJG9iamVjdHNZJGFyY2hpdmVyVCR0b3ASAAGGoKgHCBMUFRYaIVUkbnVsbNMJCgsMDxJXTlMua2V5c1pOUy5vYmplY3RzViRjbGFzc6INDoACgAOiEBGABIAFgAdccmVsYXRpdmVQYXRoWWFsaWFzRGF0YV8QHXJlZi9Lb3JkYVB1dGluYXJNZXppY0FDSEEucGRm0hcLGBlXTlMuZGF0YU8RAb4AAAAAAb4AAgAADE1hY2ludG9zaCBIRAAAAAAAAAAAAAAAAAAAAAAAAABCRAAB/////xlLb3JkYVB1dGluYXJNZXppY0FDSEEucGRmAAAAAAAAAAAAAAAAAAAAAAAAAAAAAAAAAAAAAAAAAAAAAAAAAAD/////AAAAAAAAAAAAAAAAAAEAAwAACiBjdQAAAAAAAAAAAAAAAAADcmVmAAACAFkvOlVzZXJzOm1tYzpXb3JrU3BhY2U6YnVwdDpLb29wbWFuOnN1bW1hcnk6MjAxOS0yMDIwX1NwcmluZzpyZWY6S29yZGFQdXRpbmFyTWV6aWNBQ0hBLnBkZgAADgA0ABkASwBvAHIAZABhAFAAdQB0AGkAbgBhAHIATQBlAHoAaQBjAEEAQwBIAEEALgBwAGQAZgAPABoADABNAGEAYwBpAG4AdABvAHMAaAAgAEgARAASAFdVc2Vycy9tbWMvV29ya1NwYWNlL2J1cHQvS29vcG1hbi9zdW1tYXJ5LzIwMTktMjAyMF9TcHJpbmcvcmVmL0tvcmRhUHV0aW5hck1lemljQUNIQS5wZGYAABMAAS8AABUAAgAK//8AAIAG0hscHR5aJGNsYXNzbmFtZVgkY2xhc3Nlc11OU011dGFibGVEYXRhox0fIFZOU0RhdGFYTlNPYmplY3TSGxwiI1xOU0RpY3Rpb25hcnmiIiBfEA9OU0tleWVkQXJjaGl2ZXLRJidUcm9vdIABAAgAEQAaACMALQAyADcAQABGAE0AVQBgAGcAagBsAG4AcQBzAHUAdwCEAI4ArgCzALsCfQJ/AoQCjwKYAqYCqgKxAroCvwLMAs8C4QLkAukAAAAAAAACAQAAAAAAAAAoAAAAAAAAAAAAAAAAAAAC6w==}
}

@ARTICLE{BarrioA,
	Author = {Barrio, Roberto and Dena, Angeles and Tucker, Warwick},
	Date-Modified = {2020-03-10 19:48:43 +0000},
	Journal = {Computer Physics Communications},
	Keywords = {3},
	Pages = {76-83},
	Title = {A database of rigorous and high-precision periodic orbits of the Lorenz model},
	Volume = {194},
	Bdsk-File-1 = {YnBsaXN0MDDUAQIDBAUGJCVYJHZlcnNpb25YJG9iamVjdHNZJGFyY2hpdmVyVCR0b3ASAAGGoKgHCBMUFRYaIVUkbnVsbNMJCgsMDxJXTlMua2V5c1pOUy5vYmplY3RzViRjbGFzc6INDoACgAOiEBGABIAFgAdccmVsYXRpdmVQYXRoWWFsaWFzRGF0YV8QE3JlZi9kYXRhYmFzZUJEVC5wZGbSFwsYGVdOUy5kYXRhTxEBlgAAAAABlgACAAAMTWFjaW50b3NoIEhEAAAAAAAAAAAAAAAAAAAAAAAAAEJEAAH/////D2RhdGFiYXNlQkRULnBkZgAAAAAAAAAAAAAAAAAAAAAAAAAAAAAAAAAAAAAAAAAAAAAAAAAAAAAAAAAAAAAAAP////8AAAAAAAAAAAAAAAAAAQADAAAKIGN1AAAAAAAAAAAAAAAAAANyZWYAAAIATy86VXNlcnM6bW1jOldvcmtTcGFjZTpidXB0Oktvb3BtYW46c3VtbWFyeToyMDE5LTIwMjBfU3ByaW5nOnJlZjpkYXRhYmFzZUJEVC5wZGYAAA4AIAAPAGQAYQB0AGEAYgBhAHMAZQBCAEQAVAAuAHAAZABmAA8AGgAMAE0AYQBjAGkAbgB0AG8AcwBoACAASABEABIATVVzZXJzL21tYy9Xb3JrU3BhY2UvYnVwdC9Lb29wbWFuL3N1bW1hcnkvMjAxOS0yMDIwX1NwcmluZy9yZWYvZGF0YWJhc2VCRFQucGRmAAATAAEvAAAVAAIACv//AACABtIbHB0eWiRjbGFzc25hbWVYJGNsYXNzZXNdTlNNdXRhYmxlRGF0YaMdHyBWTlNEYXRhWE5TT2JqZWN00hscIiNcTlNEaWN0aW9uYXJ5oiIgXxAPTlNLZXllZEFyY2hpdmVy0SYnVHJvb3SAAQAIABEAGgAjAC0AMgA3AEAARgBNAFUAYABnAGoAbABuAHEAcwB1AHcAhACOAKQAqQCxAksCTQJSAl0CZgJ0AngCfwKIAo0CmgKdAq8CsgK3AAAAAAAAAgEAAAAAAAAAKAAAAAAAAAAAAAAAAAAAArk=}
}

@ARTICLE{BraunNonlinear,
	Author = {Braun, Oleg M. and Yuri S. Kivshar},
	Date-Modified = {2020-03-10 19:47:29 +0000},
	Journal = {Physics Reports},
	Keywords = {3},
	Number = {1-2},
	Pages = {1-108},
	Title = {Nonlinear dynamics of the Frenkel--Kontorova model},
	Volume = {306},
	Bdsk-File-1 = {YnBsaXN0MDDUAQIDBAUGJCVYJHZlcnNpb25YJG9iamVjdHNZJGFyY2hpdmVyVCR0b3ASAAGGoKgHCBMUFRYaIVUkbnVsbNMJCgsMDxJXTlMua2V5c1pOUy5vYmplY3RzViRjbGFzc6INDoACgAOiEBGABIAFgAdccmVsYXRpdmVQYXRoWWFsaWFzRGF0YV8QJXJlZi9keW5hbWljcyBvZiBmcmVua2VsLWtvbnRvcm92YS5wZGbSFwsYGVdOUy5kYXRhTxEB3gAAAAAB3gACAAAMTWFjaW50b3NoIEhEAAAAAAAAAAAAAAAAAAAAAAAAAEJEAAH/////H2R5bmFtaWNzIG9mIGZyZW5rZSNGRkZGRkZGRi5wZGYAAAAAAAAAAAAAAAAAAAAAAAAAAAAAAAAAAAAAAAAAAP////8AAAAAAAAAAAAAAAAAAQADAAAKIGN1AAAAAAAAAAAAAAAAAANyZWYAAAIAYS86VXNlcnM6bW1jOldvcmtTcGFjZTpidXB0Oktvb3BtYW46c3VtbWFyeToyMDE5LTIwMjBfU3ByaW5nOnJlZjpkeW5hbWljcyBvZiBmcmVua2VsLWtvbnRvcm92YS5wZGYAAA4ARAAhAGQAeQBuAGEAbQBpAGMAcwAgAG8AZgAgAGYAcgBlAG4AawBlAGwALQBrAG8AbgB0AG8AcgBvAHYAYQAuAHAAZABmAA8AGgAMAE0AYQBjAGkAbgB0AG8AcwBoACAASABEABIAX1VzZXJzL21tYy9Xb3JrU3BhY2UvYnVwdC9Lb29wbWFuL3N1bW1hcnkvMjAxOS0yMDIwX1NwcmluZy9yZWYvZHluYW1pY3Mgb2YgZnJlbmtlbC1rb250b3JvdmEucGRmAAATAAEvAAAVAAIACv//AACABtIbHB0eWiRjbGFzc25hbWVYJGNsYXNzZXNdTlNNdXRhYmxlRGF0YaMdHyBWTlNEYXRhWE5TT2JqZWN00hscIiNcTlNEaWN0aW9uYXJ5oiIgXxAPTlNLZXllZEFyY2hpdmVy0SYnVHJvb3SAAQAIABEAGgAjAC0AMgA3AEAARgBNAFUAYABnAGoAbABuAHEAcwB1AHcAhACOALYAuwDDAqUCpwKsArcCwALOAtIC2QLiAucC9AL3AwkDDAMRAAAAAAAAAgEAAAAAAAAAKAAAAAAAAAAAAAAAAAAAAxM=}
}

@ARTICLE{Gaspard1995Spectral,
	Author = {Gaspard, P. and Nicolis, G. and Provata, A. and Tasaki, S.},
	Date-Modified = {2020-03-10 19:47:51 +0000},
	Journal = {Phys Rev E Stat Phys Plasmas Fluids Relat Interdiscip Topics},
	Keywords = {2},
	Number = {1},
	Pages = {74-94},
	Title = {Spectral signature of the pitchfork bifurcation: Liouville equation approach},
	Volume = {51},
	Year = {1995},
	Bdsk-File-1 = {YnBsaXN0MDDUAQIDBAUGJCVYJHZlcnNpb25YJG9iamVjdHNZJGFyY2hpdmVyVCR0b3ASAAGGoKgHCBMUFRYaIVUkbnVsbNMJCgsMDxJXTlMua2V5c1pOUy5vYmplY3RzViRjbGFzc6INDoACgAOiEBGABIAFgAdccmVsYXRpdmVQYXRoWWFsaWFzRGF0YV8QHHJlZi9nYXNwYXJkMTk5NS1zcGVjdHJhbC5wZGbSFwsYGVdOUy5kYXRhTxEBuAAAAAABuAACAAAMTWFjaW50b3NoIEhEAAAAAAAAAAAAAAAAAAAAAAAAAEJEAAH/////GGdhc3BhcmQxOTk1LXNwZWN0cmFsLnBkZgAAAAAAAAAAAAAAAAAAAAAAAAAAAAAAAAAAAAAAAAAAAAAAAAAAAP////8AAAAAAAAAAAAAAAAAAQADAAAKIGN1AAAAAAAAAAAAAAAAAANyZWYAAAIAWC86VXNlcnM6bW1jOldvcmtTcGFjZTpidXB0Oktvb3BtYW46c3VtbWFyeToyMDE5LTIwMjBfU3ByaW5nOnJlZjpnYXNwYXJkMTk5NS1zcGVjdHJhbC5wZGYADgAyABgAZwBhAHMAcABhAHIAZAAxADkAOQA1AC0AcwBwAGUAYwB0AHIAYQBsAC4AcABkAGYADwAaAAwATQBhAGMAaQBuAHQAbwBzAGgAIABIAEQAEgBWVXNlcnMvbW1jL1dvcmtTcGFjZS9idXB0L0tvb3BtYW4vc3VtbWFyeS8yMDE5LTIwMjBfU3ByaW5nL3JlZi9nYXNwYXJkMTk5NS1zcGVjdHJhbC5wZGYAEwABLwAAFQACAAr//wAAgAbSGxwdHlokY2xhc3NuYW1lWCRjbGFzc2VzXU5TTXV0YWJsZURhdGGjHR8gVk5TRGF0YVhOU09iamVjdNIbHCIjXE5TRGljdGlvbmFyeaIiIF8QD05TS2V5ZWRBcmNoaXZlctEmJ1Ryb290gAEACAARABoAIwAtADIANwBAAEYATQBVAGAAZwBqAGwAbgBxAHMAdQB3AIQAjgCtALIAugJ2AngCfQKIApECnwKjAqoCswK4AsUCyALaAt0C4gAAAAAAAAIBAAAAAAAAACgAAAAAAAAAAAAAAAAAAALk}
}

@ARTICLE{GaspardLiouvillian,
	Author = {Gaspard, P. and Tasaki, S.},
	Date-Modified = {2020-03-10 19:46:38 +0000},
	Journal = {Phys.rev.e},
	Keywords = {2},
	Number = {5},
	Pages = {056232},
	Title = {Liouvillian dynamics of the Hopf bifurcation},
	Volume = {64},
	Bdsk-File-1 = {YnBsaXN0MDDUAQIDBAUGJCVYJHZlcnNpb25YJG9iamVjdHNZJGFyY2hpdmVyVCR0b3ASAAGGoKgHCBMUFRYaIVUkbnVsbNMJCgsMDxJXTlMua2V5c1pOUy5vYmplY3RzViRjbGFzc6INDoACgAOiEBGABIAFgAdccmVsYXRpdmVQYXRoWWFsaWFzRGF0YV8QHHJlZi9nYXNwYXJkMjAwMS1zcGVjaG9wZi5wZGbSFwsYGVdOUy5kYXRhTxEBuAAAAAABuAACAAAMTWFjaW50b3NoIEhEAAAAAAAAAAAAAAAAAAAAAAAAAEJEAAH/////GGdhc3BhcmQyMDAxLXNwZWNob3BmLnBkZgAAAAAAAAAAAAAAAAAAAAAAAAAAAAAAAAAAAAAAAAAAAAAAAAAAAP////8AAAAAAAAAAAAAAAAAAQADAAAKIGN1AAAAAAAAAAAAAAAAAANyZWYAAAIAWC86VXNlcnM6bW1jOldvcmtTcGFjZTpidXB0Oktvb3BtYW46c3VtbWFyeToyMDE5LTIwMjBfU3ByaW5nOnJlZjpnYXNwYXJkMjAwMS1zcGVjaG9wZi5wZGYADgAyABgAZwBhAHMAcABhAHIAZAAyADAAMAAxAC0AcwBwAGUAYwBoAG8AcABmAC4AcABkAGYADwAaAAwATQBhAGMAaQBuAHQAbwBzAGgAIABIAEQAEgBWVXNlcnMvbW1jL1dvcmtTcGFjZS9idXB0L0tvb3BtYW4vc3VtbWFyeS8yMDE5LTIwMjBfU3ByaW5nL3JlZi9nYXNwYXJkMjAwMS1zcGVjaG9wZi5wZGYAEwABLwAAFQACAAr//wAAgAbSGxwdHlokY2xhc3NuYW1lWCRjbGFzc2VzXU5TTXV0YWJsZURhdGGjHR8gVk5TRGF0YVhOU09iamVjdNIbHCIjXE5TRGljdGlvbmFyeaIiIF8QD05TS2V5ZWRBcmNoaXZlctEmJ1Ryb290gAEACAARABoAIwAtADIANwBAAEYATQBVAGAAZwBqAGwAbgBxAHMAdQB3AIQAjgCtALIAugJ2AngCfQKIApECnwKjAqoCswK4AsUCyALaAt0C4gAAAAAAAAIBAAAAAAAAACgAAAAAAAAAAAAAAAAAAALk}
}

@ARTICLE{HeningerNeighborhoods,
	Author = {Heninger, Jeffrey M. and Lippolis, Domenico and Cvitanovi{\'c}, Predrag},
	Date-Modified = {2020-03-10 19:47:23 +0000},
	Journal = {Phys Rev E Stat Nonlin Soft Matter Phys},
	Keywords = {3},
	Number = {6},
	Pages = {062922},
	Title = {Neighborhoods of periodic orbits and the stationary distribution of a noisy chaotic system},
	Volume = {92},
	Bdsk-File-1 = {YnBsaXN0MDDUAQIDBAUGJCVYJHZlcnNpb25YJG9iamVjdHNZJGFyY2hpdmVyVCR0b3ASAAGGoKgHCBMUFRYaIVUkbnVsbNMJCgsMDxJXTlMua2V5c1pOUy5vYmplY3RzViRjbGFzc6INDoACgAOiEBGABIAFgAdccmVsYXRpdmVQYXRoWWFsaWFzRGF0YV8QE3JlZi9IZW5MaXBDdmkxNC5wZGbSFwsYGVdOUy5kYXRhTxEBlgAAAAABlgACAAAMTWFjaW50b3NoIEhEAAAAAAAAAAAAAAAAAAAAAAAAAEJEAAH/////D0hlbkxpcEN2aTE0LnBkZgAAAAAAAAAAAAAAAAAAAAAAAAAAAAAAAAAAAAAAAAAAAAAAAAAAAAAAAAAAAAAAAP////8AAAAAAAAAAAAAAAAAAQADAAAKIGN1AAAAAAAAAAAAAAAAAANyZWYAAAIATy86VXNlcnM6bW1jOldvcmtTcGFjZTpidXB0Oktvb3BtYW46c3VtbWFyeToyMDE5LTIwMjBfU3ByaW5nOnJlZjpIZW5MaXBDdmkxNC5wZGYAAA4AIAAPAEgAZQBuAEwAaQBwAEMAdgBpADEANAAuAHAAZABmAA8AGgAMAE0AYQBjAGkAbgB0AG8AcwBoACAASABEABIATVVzZXJzL21tYy9Xb3JrU3BhY2UvYnVwdC9Lb29wbWFuL3N1bW1hcnkvMjAxOS0yMDIwX1NwcmluZy9yZWYvSGVuTGlwQ3ZpMTQucGRmAAATAAEvAAAVAAIACv//AACABtIbHB0eWiRjbGFzc25hbWVYJGNsYXNzZXNdTlNNdXRhYmxlRGF0YaMdHyBWTlNEYXRhWE5TT2JqZWN00hscIiNcTlNEaWN0aW9uYXJ5oiIgXxAPTlNLZXllZEFyY2hpdmVy0SYnVHJvb3SAAQAIABEAGgAjAC0AMgA3AEAARgBNAFUAYABnAGoAbABuAHEAcwB1AHcAhACOAKQAqQCxAksCTQJSAl0CZgJ0AngCfwKIAo0CmgKdAq8CsgK3AAAAAAAAAgEAAAAAAAAAKAAAAAAAAAAAAAAAAAAAArk=}
}

@ARTICLE{HeningerPerturbation,
	Author = {Heninger, Jeffrey M. and Lippolis, Domenico and Cvitanovi{\'c}, Predrag},
	Date-Modified = {2020-03-10 19:47:44 +0000},
	Journal = {Communications in Nonlinear Science \& Numerical Simulation},
	Keywords = {2},
	Number = {feb.},
	Pages = {16-28},
	Title = {Perturbation theory for the Fokker-Planck operator in chaos},
	Volume = {55},
	Bdsk-File-1 = {YnBsaXN0MDDUAQIDBAUGJCVYJHZlcnNpb25YJG9iamVjdHNZJGFyY2hpdmVyVCR0b3ASAAGGoKgHCBMUFRYaIVUkbnVsbNMJCgsMDxJXTlMua2V5c1pOUy5vYmplY3RzViRjbGFzc6INDoACgAOiEBGABIAFgAdccmVsYXRpdmVQYXRoWWFsaWFzRGF0YV8QJXJlZi8xLXMyLjAtUzEwMDc1NzA0MTczMDIzMjAtbWFpbi5wZGbSFwsYGVdOUy5kYXRhTxEB3gAAAAAB3gACAAAMTWFjaW50b3NoIEhEAAAAAAAAAAAAAAAAAAAAAAAAAEJEAAH/////HzEtczIuMC1TMTAwNzU3MDQxNyNGRkZGRkZGRi5wZGYAAAAAAAAAAAAAAAAAAAAAAAAAAAAAAAAAAAAAAAAAAP////8AAAAAAAAAAAAAAAAAAQADAAAKIGN1AAAAAAAAAAAAAAAAAANyZWYAAAIAYS86VXNlcnM6bW1jOldvcmtTcGFjZTpidXB0Oktvb3BtYW46c3VtbWFyeToyMDE5LTIwMjBfU3ByaW5nOnJlZjoxLXMyLjAtUzEwMDc1NzA0MTczMDIzMjAtbWFpbi5wZGYAAA4ARAAhADEALQBzADIALgAwAC0AUwAxADAAMAA3ADUANwAwADQAMQA3ADMAMAAyADMAMgAwAC0AbQBhAGkAbgAuAHAAZABmAA8AGgAMAE0AYQBjAGkAbgB0AG8AcwBoACAASABEABIAX1VzZXJzL21tYy9Xb3JrU3BhY2UvYnVwdC9Lb29wbWFuL3N1bW1hcnkvMjAxOS0yMDIwX1NwcmluZy9yZWYvMS1zMi4wLVMxMDA3NTcwNDE3MzAyMzIwLW1haW4ucGRmAAATAAEvAAAVAAIACv//AACABtIbHB0eWiRjbGFzc25hbWVYJGNsYXNzZXNdTlNNdXRhYmxlRGF0YaMdHyBWTlNEYXRhWE5TT2JqZWN00hscIiNcTlNEaWN0aW9uYXJ5oiIgXxAPTlNLZXllZEFyY2hpdmVy0SYnVHJvb3SAAQAIABEAGgAjAC0AMgA3AEAARgBNAFUAYABnAGoAbABuAHEAcwB1AHcAhACOALYAuwDDAqUCpwKsArcCwALOAtIC2QLiAucC9AL3AwkDDAMRAAAAAAAAAgEAAAAAAAAAKAAAAAAAAAAAAAAAAAAAAxM=}
}

@ARTICLE{HobsonAn,
	Author = {Hobson, Dana},
	Date-Modified = {2020-03-10 19:45:56 +0000},
	Keywords = {2},
	Number = {1},
	Pages = {14-22},
	Title = {An Efficient Method for Computing Invariant Manifolds of Planar Maps},
	Volume = {104},
	Bdsk-File-1 = {YnBsaXN0MDDUAQIDBAUGJCVYJHZlcnNpb25YJG9iamVjdHNZJGFyY2hpdmVyVCR0b3ASAAGGoKgHCBMUFRYaIVUkbnVsbNMJCgsMDxJXTlMua2V5c1pOUy5vYmplY3RzViRjbGFzc6INDoACgAOiEBGABIAFgAdccmVsYXRpdmVQYXRoWWFsaWFzRGF0YV8QEnJlZi9ob2Jzb24xOTkzLnBkZtIXCxgZV05TLmRhdGFPEQGQAAAAAAGQAAIAAAxNYWNpbnRvc2ggSEQAAAAAAAAAAAAAAAAAAAAAAAAAQkQAAf////8OaG9ic29uMTk5My5wZGYAAAAAAAAAAAAAAAAAAAAAAAAAAAAAAAAAAAAAAAAAAAAAAAAAAAAAAAAAAAAAAAAA/////wAAAAAAAAAAAAAAAAABAAMAAAogY3UAAAAAAAAAAAAAAAAAA3JlZgAAAgBOLzpVc2VyczptbWM6V29ya1NwYWNlOmJ1cHQ6S29vcG1hbjpzdW1tYXJ5OjIwMTktMjAyMF9TcHJpbmc6cmVmOmhvYnNvbjE5OTMucGRmAA4AHgAOAGgAbwBiAHMAbwBuADEAOQA5ADMALgBwAGQAZgAPABoADABNAGEAYwBpAG4AdABvAHMAaAAgAEgARAASAExVc2Vycy9tbWMvV29ya1NwYWNlL2J1cHQvS29vcG1hbi9zdW1tYXJ5LzIwMTktMjAyMF9TcHJpbmcvcmVmL2hvYnNvbjE5OTMucGRmABMAAS8AABUAAgAK//8AAIAG0hscHR5aJGNsYXNzbmFtZVgkY2xhc3Nlc11OU011dGFibGVEYXRhox0fIFZOU0RhdGFYTlNPYmplY3TSGxwiI1xOU0RpY3Rpb25hcnmiIiBfEA9OU0tleWVkQXJjaGl2ZXLRJidUcm9vdIABAAgAEQAaACMALQAyADcAQABGAE0AVQBgAGcAagBsAG4AcQBzAHUAdwCEAI4AowCoALACRAJGAksCVgJfAm0CcQJ4AoEChgKTApYCqAKrArAAAAAAAAACAQAAAAAAAAAoAAAAAAAAAAAAAAAAAAACsg==}
}

@ARTICLE{LanLinearization,
	Author = {Lan, Yueheng and Igor Mezi{\'c}},
	Date-Modified = {2020-03-10 19:46:25 +0000},
	Journal = {Physica D Nonlinear Phenomena},
	Keywords = {2},
	Number = {1},
	Pages = {42---53},
	Title = {Linearization in the large of nonlinear systems and Koopman operator spectrum},
	Volume = {242},
	Bdsk-File-1 = {YnBsaXN0MDDUAQIDBAUGJCVYJHZlcnNpb25YJG9iamVjdHNZJGFyY2hpdmVyVCR0b3ASAAGGoKgHCBMUFRYaIVUkbnVsbNMJCgsMDxJXTlMua2V5c1pOUy5vYmplY3RzViRjbGFzc6INDoACgAOiEBGABIAFgAdccmVsYXRpdmVQYXRoWWFsaWFzRGF0YV8QFHJlZi9tZXppY19saW5sYW4ucGRm0hcLGBlXTlMuZGF0YU8RAZgAAAAAAZgAAgAADE1hY2ludG9zaCBIRAAAAAAAAAAAAAAAAAAAAAAAAABCRAAB/////xBtZXppY19saW5sYW4ucGRmAAAAAAAAAAAAAAAAAAAAAAAAAAAAAAAAAAAAAAAAAAAAAAAAAAAAAAAAAAAAAAD/////AAAAAAAAAAAAAAAAAAEAAwAACiBjdQAAAAAAAAAAAAAAAAADcmVmAAACAFAvOlVzZXJzOm1tYzpXb3JrU3BhY2U6YnVwdDpLb29wbWFuOnN1bW1hcnk6MjAxOS0yMDIwX1NwcmluZzpyZWY6bWV6aWNfbGlubGFuLnBkZgAOACIAEABtAGUAegBpAGMAXwBsAGkAbgBsAGEAbgAuAHAAZABmAA8AGgAMAE0AYQBjAGkAbgB0AG8AcwBoACAASABEABIATlVzZXJzL21tYy9Xb3JrU3BhY2UvYnVwdC9Lb29wbWFuL3N1bW1hcnkvMjAxOS0yMDIwX1NwcmluZy9yZWYvbWV6aWNfbGlubGFuLnBkZgATAAEvAAAVAAIACv//AACABtIbHB0eWiRjbGFzc25hbWVYJGNsYXNzZXNdTlNNdXRhYmxlRGF0YaMdHyBWTlNEYXRhWE5TT2JqZWN00hscIiNcTlNEaWN0aW9uYXJ5oiIgXxAPTlNLZXllZEFyY2hpdmVy0SYnVHJvb3SAAQAIABEAGgAjAC0AMgA3AEAARgBNAFUAYABnAGoAbABuAHEAcwB1AHcAhACOAKUAqgCyAk4CUAJVAmACaQJ3AnsCggKLApACnQKgArICtQK6AAAAAAAAAgEAAAAAAAAAKAAAAAAAAAAAAAAAAAAAArw=}
}

@ARTICLE{Govindarajan2018On,
	Author = {Govindarajan, Nithin and Mohr, Ryan and Chandrasekaran, Shivkumar and Mezi{\'c}, Igor},
	Date-Modified = {2020-03-10 19:47:36 +0000},
	Journal = {SIAM Journal on Applied Dynamical Systems},
	Keywords = {3},
	Number = {3},
	Title = {On the Approximation of Koopman Spectra for Measure Preserving Transformations},
	Volume = {18},
	Year = {2018},
	Bdsk-File-1 = {YnBsaXN0MDDUAQIDBAUGJCVYJHZlcnNpb25YJG9iamVjdHNZJGFyY2hpdmVyVCR0b3ASAAGGoKgHCBMUFRYaIVUkbnVsbNMJCgsMDxJXTlMua2V5c1pOUy5vYmplY3RzViRjbGFzc6INDoACgAOiEBGABIAFgAdccmVsYXRpdmVQYXRoWWFsaWFzRGF0YV8QHHJlZi9OaXRoaW5QZXJpb2RpY0FwcE1hcC5wZGbSFwsYGVdOUy5kYXRhTxEBuAAAAAABuAACAAAMTWFjaW50b3NoIEhEAAAAAAAAAAAAAAAAAAAAAAAAAEJEAAH/////GE5pdGhpblBlcmlvZGljQXBwTWFwLnBkZgAAAAAAAAAAAAAAAAAAAAAAAAAAAAAAAAAAAAAAAAAAAAAAAAAAAP////8AAAAAAAAAAAAAAAAAAQADAAAKIGN1AAAAAAAAAAAAAAAAAANyZWYAAAIAWC86VXNlcnM6bW1jOldvcmtTcGFjZTpidXB0Oktvb3BtYW46c3VtbWFyeToyMDE5LTIwMjBfU3ByaW5nOnJlZjpOaXRoaW5QZXJpb2RpY0FwcE1hcC5wZGYADgAyABgATgBpAHQAaABpAG4AUABlAHIAaQBvAGQAaQBjAEEAcABwAE0AYQBwAC4AcABkAGYADwAaAAwATQBhAGMAaQBuAHQAbwBzAGgAIABIAEQAEgBWVXNlcnMvbW1jL1dvcmtTcGFjZS9idXB0L0tvb3BtYW4vc3VtbWFyeS8yMDE5LTIwMjBfU3ByaW5nL3JlZi9OaXRoaW5QZXJpb2RpY0FwcE1hcC5wZGYAEwABLwAAFQACAAr//wAAgAbSGxwdHlokY2xhc3NuYW1lWCRjbGFzc2VzXU5TTXV0YWJsZURhdGGjHR8gVk5TRGF0YVhOU09iamVjdNIbHCIjXE5TRGljdGlvbmFyeaIiIF8QD05TS2V5ZWRBcmNoaXZlctEmJ1Ryb290gAEACAARABoAIwAtADIANwBAAEYATQBVAGAAZwBqAGwAbgBxAHMAdQB3AIQAjgCtALIAugJ2AngCfQKIApECnwKjAqoCswK4AsUCyALaAt0C4gAAAAAAAAIBAAAAAAAAACgAAAAAAAAAAAAAAAAAAALk}
}

@ARTICLE{LanVariational,
	Author = {Lan, Yueheng and Cvitanovi{\'c}, Predrag},
	Date-Modified = {2020-03-10 19:45:45 +0000},
	Journal = {Physical Review E Statistical Nonlinear \& Soft Matter Physics},
	Keywords = {2},
	Number = {1},
	Pages = {016217},
	Title = {Variational method for finding periodic orbits in a general flow},
	Volume = {69},
	Bdsk-File-1 = {YnBsaXN0MDDUAQIDBAUGJCVYJHZlcnNpb25YJG9iamVjdHNZJGFyY2hpdmVyVCR0b3ASAAGGoKgHCBMUFRYaIVUkbnVsbNMJCgsMDxJXTlMua2V5c1pOUy5vYmplY3RzViRjbGFzc6INDoACgAOiEBGABIAFgAdccmVsYXRpdmVQYXRoWWFsaWFzRGF0YV8QE3JlZi9ubGluMDMwODAwOC5wZGbSFwsYGVdOUy5kYXRhTxEBlgAAAAABlgACAAAMTWFjaW50b3NoIEhEAAAAAAAAAAAAAAAAAAAAAAAAAEJEAAH/////D25saW4wMzA4MDA4LnBkZgAAAAAAAAAAAAAAAAAAAAAAAAAAAAAAAAAAAAAAAAAAAAAAAAAAAAAAAAAAAAAAAP////8AAAAAAAAAAAAAAAAAAQADAAAKIGN1AAAAAAAAAAAAAAAAAANyZWYAAAIATy86VXNlcnM6bW1jOldvcmtTcGFjZTpidXB0Oktvb3BtYW46c3VtbWFyeToyMDE5LTIwMjBfU3ByaW5nOnJlZjpubGluMDMwODAwOC5wZGYAAA4AIAAPAG4AbABpAG4AMAAzADAAOAAwADAAOAAuAHAAZABmAA8AGgAMAE0AYQBjAGkAbgB0AG8AcwBoACAASABEABIATVVzZXJzL21tYy9Xb3JrU3BhY2UvYnVwdC9Lb29wbWFuL3N1bW1hcnkvMjAxOS0yMDIwX1NwcmluZy9yZWYvbmxpbjAzMDgwMDgucGRmAAATAAEvAAAVAAIACv//AACABtIbHB0eWiRjbGFzc25hbWVYJGNsYXNzZXNdTlNNdXRhYmxlRGF0YaMdHyBWTlNEYXRhWE5TT2JqZWN00hscIiNcTlNEaWN0aW9uYXJ5oiIgXxAPTlNLZXllZEFyY2hpdmVy0SYnVHJvb3SAAQAIABEAGgAjAC0AMgA3AEAARgBNAFUAYABnAGoAbABuAHEAcwB1AHcAhACOAKQAqQCxAksCTQJSAl0CZgJ0AngCfwKIAo0CmgKdAq8CsgK3AAAAAAAAAgEAAAAAAAAAKAAAAAAAAAAAAAAAAAAAArk=}
}

@ARTICLE{SimOn,
	Author = {Sim{\'o}, Carles},
	Date-Modified = {2020-03-10 19:45:30 +0000},
	Journal = {Journal of Statistical Physics},
	Keywords = {2},
	Number = {4},
	Pages = {465-494},
	Title = {On the H{\'e}non-Pomeau attractor},
	Volume = {21},
	Bdsk-File-1 = {YnBsaXN0MDDUAQIDBAUGJCVYJHZlcnNpb25YJG9iamVjdHNZJGFyY2hpdmVyVCR0b3ASAAGGoKgHCBMUFRYaIVUkbnVsbNMJCgsMDxJXTlMua2V5c1pOUy5vYmplY3RzViRjbGFzc6INDoACgAOiEBGABIAFgAdccmVsYXRpdmVQYXRoWWFsaWFzRGF0YV8QD3JlZi9zaW0xOTc5LnBkZtIXCxgZV05TLmRhdGFPEQGGAAAAAAGGAAIAAAxNYWNpbnRvc2ggSEQAAAAAAAAAAAAAAAAAAAAAAAAAQkQAAf////8Lc2ltMTk3OS5wZGYAAAAAAAAAAAAAAAAAAAAAAAAAAAAAAAAAAAAAAAAAAAAAAAAAAAAAAAAAAAAAAAAAAAAA/////wAAAAAAAAAAAAAAAAABAAMAAAogY3UAAAAAAAAAAAAAAAAAA3JlZgAAAgBLLzpVc2VyczptbWM6V29ya1NwYWNlOmJ1cHQ6S29vcG1hbjpzdW1tYXJ5OjIwMTktMjAyMF9TcHJpbmc6cmVmOnNpbTE5NzkucGRmAAAOABgACwBzAGkAbQAxADkANwA5AC4AcABkAGYADwAaAAwATQBhAGMAaQBuAHQAbwBzAGgAIABIAEQAEgBJVXNlcnMvbW1jL1dvcmtTcGFjZS9idXB0L0tvb3BtYW4vc3VtbWFyeS8yMDE5LTIwMjBfU3ByaW5nL3JlZi9zaW0xOTc5LnBkZgAAEwABLwAAFQACAAr//wAAgAbSGxwdHlokY2xhc3NuYW1lWCRjbGFzc2VzXU5TTXV0YWJsZURhdGGjHR8gVk5TRGF0YVhOU09iamVjdNIbHCIjXE5TRGljdGlvbmFyeaIiIF8QD05TS2V5ZWRBcmNoaXZlctEmJ1Ryb290gAEACAARABoAIwAtADIANwBAAEYATQBVAGAAZwBqAGwAbgBxAHMAdQB3AIQAjgCgAKUArQI3AjkCPgJJAlICYAJkAmsCdAJ5AoYCiQKbAp4CowAAAAAAAAIBAAAAAAAAACgAAAAAAAAAAAAAAAAAAAKl}
}

@ARTICLE{SimCentral,
	Author = {Sim{\'o}, C. and T.J. Stuchi},
	Date-Modified = {2020-03-10 19:48:12 +0000},
	Journal = {Physica D Nonlinear Phenomena},
	Keywords = {3},
	Number = {1-2},
	Pages = {1-32},
	Title = {Central stable/unstable manifolds and the destruction of KAM tori in the planar Hill problem},
	Volume = {140},
	Bdsk-File-1 = {YnBsaXN0MDDUAQIDBAUGJCVYJHZlcnNpb25YJG9iamVjdHNZJGFyY2hpdmVyVCR0b3ASAAGGoKgHCBMUFRYaIVUkbnVsbNMJCgsMDxJXTlMua2V5c1pOUy5vYmplY3RzViRjbGFzc6INDoACgAOiEBGABIAFgAdccmVsYXRpdmVQYXRoWWFsaWFzRGF0YV8QD3JlZi9zaW0yMDAwLnBkZtIXCxgZV05TLmRhdGFPEQGGAAAAAAGGAAIAAAxNYWNpbnRvc2ggSEQAAAAAAAAAAAAAAAAAAAAAAAAAQkQAAf////8Lc2ltMjAwMC5wZGYAAAAAAAAAAAAAAAAAAAAAAAAAAAAAAAAAAAAAAAAAAAAAAAAAAAAAAAAAAAAAAAAAAAAA/////wAAAAAAAAAAAAAAAAABAAMAAAogY3UAAAAAAAAAAAAAAAAAA3JlZgAAAgBLLzpVc2VyczptbWM6V29ya1NwYWNlOmJ1cHQ6S29vcG1hbjpzdW1tYXJ5OjIwMTktMjAyMF9TcHJpbmc6cmVmOnNpbTIwMDAucGRmAAAOABgACwBzAGkAbQAyADAAMAAwAC4AcABkAGYADwAaAAwATQBhAGMAaQBuAHQAbwBzAGgAIABIAEQAEgBJVXNlcnMvbW1jL1dvcmtTcGFjZS9idXB0L0tvb3BtYW4vc3VtbWFyeS8yMDE5LTIwMjBfU3ByaW5nL3JlZi9zaW0yMDAwLnBkZgAAEwABLwAAFQACAAr//wAAgAbSGxwdHlokY2xhc3NuYW1lWCRjbGFzc2VzXU5TTXV0YWJsZURhdGGjHR8gVk5TRGF0YVhOU09iamVjdNIbHCIjXE5TRGljdGlvbmFyeaIiIF8QD05TS2V5ZWRBcmNoaXZlctEmJ1Ryb290gAEACAARABoAIwAtADIANwBAAEYATQBVAGAAZwBqAGwAbgBxAHMAdQB3AIQAjgCgAKUArQI3AjkCPgJJAlICYAJkAmsCdAJ5AoYCiQKbAp4CowAAAAAAAAIBAAAAAAAAACgAAAAAAAAAAAAAAAAAAAKl}
}

@ARTICLE{Viswanath2003Symbolic,
	Author = {Viswanath, Divakar},
	Date-Modified = {2020-03-10 19:47:59 +0000},
	Journal = {Nonlinearity},
	Keywords = {2},
	Number = {3},
	Title = {Symbolic dynamics and periodic orbits of the Lorenz attractor*},
	Volume = {16},
	Year = {2003},
	Bdsk-File-1 = {YnBsaXN0MDDUAQIDBAUGJCVYJHZlcnNpb25YJG9iamVjdHNZJGFyY2hpdmVyVCR0b3ASAAGGoKgHCBMUFRYaIVUkbnVsbNMJCgsMDxJXTlMua2V5c1pOUy5vYmplY3RzViRjbGFzc6INDoACgAOiEBGABIAFgAdccmVsYXRpdmVQYXRoWWFsaWFzRGF0YV8QInJlZi9WaXN3YW5hdGgyMDAzLUxvcmVuelN5bUR5bi5wZGbSFwsYGVdOUy5kYXRhTxEB0AAAAAAB0AACAAAMTWFjaW50b3NoIEhEAAAAAAAAAAAAAAAAAAAAAAAAAEJEAAH/////HlZpc3dhbmF0aDIwMDMtTG9yZW56U3ltRHluLnBkZgAAAAAAAAAAAAAAAAAAAAAAAAAAAAAAAAAAAAAAAAAAAP////8AAAAAAAAAAAAAAAAAAQADAAAKIGN1AAAAAAAAAAAAAAAAAANyZWYAAAIAXi86VXNlcnM6bW1jOldvcmtTcGFjZTpidXB0Oktvb3BtYW46c3VtbWFyeToyMDE5LTIwMjBfU3ByaW5nOnJlZjpWaXN3YW5hdGgyMDAzLUxvcmVuelN5bUR5bi5wZGYADgA+AB4AVgBpAHMAdwBhAG4AYQB0AGgAMgAwADAAMwAtAEwAbwByAGUAbgB6AFMAeQBtAEQAeQBuAC4AcABkAGYADwAaAAwATQBhAGMAaQBuAHQAbwBzAGgAIABIAEQAEgBcVXNlcnMvbW1jL1dvcmtTcGFjZS9idXB0L0tvb3BtYW4vc3VtbWFyeS8yMDE5LTIwMjBfU3ByaW5nL3JlZi9WaXN3YW5hdGgyMDAzLUxvcmVuelN5bUR5bi5wZGYAEwABLwAAFQACAAr//wAAgAbSGxwdHlokY2xhc3NuYW1lWCRjbGFzc2VzXU5TTXV0YWJsZURhdGGjHR8gVk5TRGF0YVhOU09iamVjdNIbHCIjXE5TRGljdGlvbmFyeaIiIF8QD05TS2V5ZWRBcmNoaXZlctEmJ1Ryb290gAEACAARABoAIwAtADIANwBAAEYATQBVAGAAZwBqAGwAbgBxAHMAdQB3AIQAjgCzALgAwAKUApYCmwKmAq8CvQLBAsgC0QLWAuMC5gL4AvsDAAAAAAAAAAIBAAAAAAAAACgAAAAAAAAAAAAAAAAAAAMC}
}

@ARTICLE{CapiGeometric,
	Author = {Capi{\'n}ski, Maciej J. and Zgliczy{\'n}ski, Piotr},
	Date-Modified = {2020-03-10 19:48:06 +0000},
	Keywords = {3},
	Number = {11},
	Pages = {6215-6286},
	Title = {Geometric proof for normally hyperbolic invariant manifolds},
	Volume = {259},
	Bdsk-File-1 = {YnBsaXN0MDDUAQIDBAUGJCVYJHZlcnNpb25YJG9iamVjdHNZJGFyY2hpdmVyVCR0b3ASAAGGoKgHCBMUFRYaIVUkbnVsbNMJCgsMDxJXTlMua2V5c1pOUy5vYmplY3RzViRjbGFzc6INDoACgAOiEBGABIAFgAdccmVsYXRpdmVQYXRoWWFsaWFzRGF0YV8QE3JlZi9jYXBpc2tpMjAxMi5wZGbSFwsYGVdOUy5kYXRhTxEBlgAAAAABlgACAAAMTWFjaW50b3NoIEhEAAAAAAAAAAAAAAAAAAAAAAAAAEJEAAH/////D2NhcGlza2kyMDEyLnBkZgAAAAAAAAAAAAAAAAAAAAAAAAAAAAAAAAAAAAAAAAAAAAAAAAAAAAAAAAAAAAAAAP////8AAAAAAAAAAAAAAAAAAQADAAAKIGN1AAAAAAAAAAAAAAAAAANyZWYAAAIATy86VXNlcnM6bW1jOldvcmtTcGFjZTpidXB0Oktvb3BtYW46c3VtbWFyeToyMDE5LTIwMjBfU3ByaW5nOnJlZjpjYXBpc2tpMjAxMi5wZGYAAA4AIAAPAGMAYQBwAGkAcwBrAGkAMgAwADEAMgAuAHAAZABmAA8AGgAMAE0AYQBjAGkAbgB0AG8AcwBoACAASABEABIATVVzZXJzL21tYy9Xb3JrU3BhY2UvYnVwdC9Lb29wbWFuL3N1bW1hcnkvMjAxOS0yMDIwX1NwcmluZy9yZWYvY2FwaXNraTIwMTIucGRmAAATAAEvAAAVAAIACv//AACABtIbHB0eWiRjbGFzc25hbWVYJGNsYXNzZXNdTlNNdXRhYmxlRGF0YaMdHyBWTlNEYXRhWE5TT2JqZWN00hscIiNcTlNEaWN0aW9uYXJ5oiIgXxAPTlNLZXllZEFyY2hpdmVy0SYnVHJvb3SAAQAIABEAGgAjAC0AMgA3AEAARgBNAFUAYABnAGoAbABuAHEAcwB1AHcAhACOAKQAqQCxAksCTQJSAl0CZgJ0AngCfwKIAo0CmgKdAq8CsgK3AAAAAAAAAgEAAAAAAAAAKAAAAAAAAAAAAAAAAAAAArk=}
}